@article{DBS-004,
url = {http://dx.doi.org/10.1561/1900000004},
year = {2011},
issn = {1931-7883},
pages = {1-294},
volume = {4},
journal = {Foundations and Trends® in Databases},
number = {1–3},
author = {Graham Cormode and Minos Garofalakis and Peter J. Haas and Chris Jermaine},
title = {Synopses for Massive Data: Samples, Histograms, Wavelets, Sketches},
doi = {10.1561/1900000004}
}

@article{TCS-002,
url = {http://dx.doi.org/10.1561/0400000002},
year = {2005},
issn = {1551-305X},
pages = {117-236},
volume = {1},
journal = {Foundations and Trends® in Theoretical Computer Science},
number = {2},
author = {S. Muthukrishnan},
title = {Data Streams: Algorithms and Applications},
doi = {10.1561/0400000002}
}

@book{DBLP:books/mk/Sayood12,
  author    = {Khalid Sayood},
  title     = {Introduction to Data Compression},
  publisher = {Morgan Kaufmann},
  year      = {2012},
  edition   = {4th},
  isbn      = {1-55860-346-8},
}

%%% Citations from Cormode et. al.
%[126] P. B. Gibbons, Y. Matias, and V. Poosala, “Fast incremental maintenance of approximate histograms,” ACM Transactions on Database Systems, vol. 27, no. 3, pp. 261–298, 2002.
%[225] Y. Matias, J. S. Vitter, and M. Wang, “Dynamic maintenance of wavelet- based histograms,” in Proceedings of the International Conference on Very
%Large Data Bases, Cairo, Egypt, September 2000.
%%% Switching experts references